@article{LandDo60,
  title={An automatic method of solving discrete programming problems},
  author={Land, Ailsa H and Doig, Alison G},
  journal={Econometrica: Journal of the Econometric Society},
  pages={497--520},
  year={1960},
  publisher={JSTOR}
}

@article{LittleMuSwKa63,
  title={An algorithm for the traveling salesman problem},
  author={Little, John DC and Murty, Katta G and Sweeney, Dura W and Karel, Caroline},
  journal={Operations research},
  volume={11},
  number={6},
  pages={972--989},
  year={1963},
  publisher={INFORMS}
}

@article{Kolesar67,
  title={A branch and bound algorithm for the knapsack problem},
  author={Kolesar, Peter J},
  journal={Management science},
  volume={13},
  number={9},
  pages={723--735},
  year={1967},
  publisher={INFORMS}
}

@article{NarendraFu75,
 author = {Fukunage, K. and Narendra, P. M.},
 title = {A Branch and Bound Algorithm for Computing k-Nearest Neighbors},
 journal = {IEEE Trans. Comput.},
 issue_date = {July 1975},
 volume = {24},
 number = {7},
 month = jul,
 year = {1975},
 issn = {0018-9340},
 pages = {750--753},
 numpages = {4},
 url = {http://dx.doi.org/10.1109/T-C.1975.224297},
 doi = {10.1109/T-C.1975.224297},
 acmid = {1311121},
 publisher = {IEEE Computer Society},
 address = {Washington, DC, USA},
 keywords = {Branch and bound, distance computation, hierarchical decomposition, k-nearest neighbors, tree-search algorithm.},
}

@article{HyafilRi76,
title={Constructing Optimal Binary Decision Trees Is NP Complete},
author="Laurent Hyafil and Ronald L. Rivest",
journal={Information Processing Letters},
year={1976}
}

@article{NarendraFu77,
 author = {Narendra, P. M. and Fukunaga, K.},
 title = {A Branch and Bound Algorithm for Feature Subset Selection},
 journal = {IEEE Trans. Comput.},
 issue_date = {September 1977},
 volume = {26},
 number = {9},
 month = sep,
 year = {1977},
 issn = {0018-9340},
 pages = {917--922},
 numpages = {6},
 url = {http://dx.doi.org/10.1109/TC.1977.1674939},
 doi = {10.1109/TC.1977.1674939},
 acmid = {1311623},
 publisher = {IEEE Computer Society},
 address = {Washington, DC, USA},
 keywords = {Branch and bound, combinatorial optimization, feature selection, recursive computation.},
} 

@article{Moret82,
 author = {Moret, Bernard M. E.},
 title = {Decision Trees and Diagrams},
 journal = {ACM Comput. Surv.},
 issue_date = {Dec. 1982},
 volume = {14},
 number = {4},
 month = dec,
 year = {1982},
 issn = {0360-0300},
 pages = {593--623},
 numpages = {31},
 url = {http://doi.acm.org.ezp-prod1.hul.harvard.edu/10.1145/356893.356898},
 doi = {10.1145/356893.356898},
 acmid = {356898},
 publisher = {ACM},
 address = {New York, NY, USA},
} 

@book{BreimanFrOlSt84,
title={Classification and regression trees},
author="Leo Breiman and Jerome Friedman and Richard A. Olshen and Charles J. Stone",
publisher={CRC press},
year={1984}
}

@article{Valiant84,
  title={A theory of the learnable},
  author={Valiant, Leslie G},
  journal={Communications of the ACM},
  volume={27},
  number={11},
  pages={1134--1142},
  year={1984},
  publisher={ACM}
}

@article{Rivest87,
 author = "Rivest, Ronald L.",
 title = {Learning Decision Lists},
 journal = {Machine Learnning},
 issue_date = {November 1987},
 volume = {2},
 number = {3},
 month = nov,
 year = {1987},
 pages = {229--246},
 publisher = {Kluwer Academic Publishers},
 address = {Hingham, MA, USA}
}

@article{Blum92,
 author = {Blum, Avrim},
 title = {Learning Boolean Functions in an Infinite Attribute Space},
 journal = {Mach. Learn.},
 issue_date = {Oct. 1992},
 volume = {9},
 number = {4},
 month = oct,
 year = {1992},
 issn = {0885-6125},
 pages = {373--386},
 numpages = {14},
 url = {http://dx.doi.org/10.1023/A:1022653502461},
 doi = {10.1023/A:1022653502461},
 acmid = {145265},
 publisher = {Kluwer Academic Publishers},
 address = {Hingham, MA, USA},
 keywords = {Theoretical models, concept learning, irrelevant attributes, large attribute spaces},
} 

@book{Quinlan93,
title={C4.5: programs for machine learning},
author="Quinlan, J Ross",
 year = {1993},
 isbn = {1558602402},
 publisher = {Morgan Kaufmann Publishers Inc.},
 address = {San Francisco, CA, USA},
} 

@inproceedings{DhagatHe94,
  title={PAC learning with irrelevant attributes},
  author={Dhagat, Aditi and Hellerstein, Lisa},
  booktitle={Proceedings 35th Annual Symposium on Foundations of Computer Science},
  pages={64--74},
  year={1994},
  organization={IEEE}
}

@inproceedings{SegalOr94,
title={Learning Decision Lists Using Homogeneous Rules},
author="Richard Segal and Oren Etzioni",
pages={619--625},
booktitle = {Proceedings of the Twelfth AAAI National Conference on Artificial Intelligence},
organization={AAAI},
year={1994}
}

@inproceedings{NockGa95,
  title={On learning decision committees},
  author={Nock, Richard and Gascuel, Olivier},
  booktitle={Proceedings of ICML-95, International Conference on Machine Learning},
  pages={413--420},
  year={1995}
}

@Inbook{Bratko97,
author="Bratko, Ivan",
title="Machine Learning: Between Accuracy and Interpretability",
bookTitle="Learning, Networks and Statistics",
year="1997",
publisher="Springer Vienna",
address="Vienna",
pages="163--177",
isbn="978-3-7091-2668-4",
doi="10.1007/978-3-7091-2668-4_10",
url="http://dx.doi.org/10.1007/978-3-7091-2668-4_10"
}

@article{LeCunBoBeHa98,
  title={Gradient-based learning applied to document recognition},
  author={LeCun, Yann and Bottou, L{\'e}on and Bengio, Yoshua and Haffner, Patrick},
  journal={Proceedings of the IEEE},
  volume={86},
  number={11},
  pages={2278--2324},
  year={1998},
  publisher={IEEE}
}

@article{Clausen99,
title={Branch and Bound Algorithms - Principles and Examples},
author="Jens Clausen",
year={1999}
}

@article{Lavrač99,
title = "Selected techniques for data mining in medicine ",
journal = "Artificial Intelligence in Medicine ",
volume = "16",
number = "1",
pages = "3 - 23",
year = "1999",
note = "Data Mining Techniques and Applications in Medicine ",
issn = "0933-3657",
doi = "http://dx.doi.org/10.1016/S0933-3657(98)00062-1",
url = "http://www.sciencedirect.com/science/article/pii/S0933365798000621",
author = "Lavrač, Nada",
keywords = "Data mining",
keywords = "Machine learning",
keywords = "Medical applications "
}

@article{LinderothSa99,
 author = {Linderoth, J. T. and Savelsbergh, M. W.  P.},
 title = {A Computational Study of Search Strategies for Mixed Integer Programming},
 journal = {INFORMS J. on Computing},
 issue_date = {February 1999},
 volume = {11},
 number = {2},
 month = feb,
 year = {1999},
 issn = {1526-5528},
 pages = {173--187},
 numpages = {15},
 url = {http://dx.doi.org/10.1287/ijoc.11.2.173},
 doi = {10.1287/ijoc.11.2.173},
 acmid = {768389},
 publisher = {INFORMS},
 address = {Institute for Operations Research and the Management Sciences (INFORMS), Linthicum, Maryland, USA},
 keywords = {Computational programming, branch-and-bound, computational algorithms},
}

@Inbook{Quinlan99,
author="Quinlan, J. R.",
title="Some Elements of Machine Learning",
bookTitle="Inductive Logic Programming: 9th International Workshop, ILP-99 Bled, Slovenia, June 24--27, 1999 Proceedings",
year="1999",
publisher="Springer Berlin Heidelberg",
address="Berlin, Heidelberg",
pages="15--18",
isbn="978-3-540-48751-7",
doi="10.1007/3-540-48751-4_3",
url="http://dx.doi.org/10.1007/3-540-48751-4_3"
}

@inproceedings{GarofalakisHyRaSh00,
 author = {Minos Garofalakis and Dongjoon Hyun and Rajeev Rastogi and Kyuseok Shim},
 title = {Efficient Algorithms for Constructing Decision Trees with Constraints},
 booktitle = {Proceedings of the Sixth ACM SIGKDD International Conference on Knowledge Discovery and Data Mining},
 series = {KDD '00},
 year = {2000},
 location = {Boston, Massachusetts, USA},
 pages = {335--339},
 publisher = {ACM},
 address = {New York, NY, USA}
}

@article{EiterIbMa02,
 author = {Eiter, Thomas and Ibaraki, Toshihide and Makino, Kazuhisha},
 title = {Decision Lists and Related Boolean Functions},
 journal = {Theor. Comput. Sci.},
 issue_date = {January},
 volume = {270},
 number = {1-2},
 month = jan,
 year = {2002},
 issn = {0304-3975},
 pages = {493--524},
 numpages = {32},
 url = {http://dx.doi.org/10.1016/S0304-3975(01)00003-2},
 doi = {10.1016/S0304-3975(01)00003-2},
 acmid = {566244},
 publisher = {Elsevier Science Publishers Ltd.},
 address = {Essex, UK},
 keywords = {Boolean functions, decision lists, extension problem, polynomial delay enumeration, teaching sequence},
} 

@article{LiYa02,
title = "Text classification using ESC-based stochastic decision lists ",
journal = "Information Processing and Management ",
volume = "38",
number = "3",
pages = "343 - 361",
year = "2002",
note = "",
issn = "0306-4573",
doi = "http://dx.doi.org/10.1016/S0306-4573(01)00038-3",
url = "//www.sciencedirect.com/science/article/pii/S0306457301000383",
author = "Hang Li and Kenji Yamanishi",
keywords = {Text classification, Statistical learning, Stochastic decision list, Rule-based method,Extended stochastic complexity}
}

@Inbook{BaesensMuDeVaSe05,
author="Baesens, Bart and Mues, Christophe and De Backer, Manu and Vanthienen, Jan and Setiono, Rudy",
title="Building Intelligent Credit Scoring Systems Using Decision Tables",
bookTitle="Enterprise Information Systems V",
year="2005",
publisher="Springer Netherlands",
address="Dordrecht",
pages="131--137",
isbn="978-1-4020-2673-7",
doi="10.1007/1-4020-2673-0_15",
url="http://dx.doi.org/10.1007/1-4020-2673-0_15"
}

@inproceedings{ChapelleSiKe06,
 author = {Chapelle, Olivier and Sindhwani, Vikas and Keerthi, S. Sathiya},
 title = {Branch and Bound for Semi-supervised Support Vector Machines},
 booktitle = {Proceedings of the 19th International Conference on Neural Information Processing Systems},
 series = {NIPS'06},
 year = {2006},
 location = {Canada},
 pages = {217--224},
 numpages = {8},
 url = {http://dl.acm.org/citation.cfm?id=2976456.2976484},
 acmid = {2976484},
 publisher = {MIT Press},
 address = {Cambridge, MA, USA},
}

@article{KlivansSe06,
title={Toward Attribute Efficient Learning of Decision Lists and Parities},
author="Adam R. Klivans and Rocco A. Servedio",
journal={JMLR},
year={2006}
}

@article{LemmensCr06,
  title={Bagging and boosting classification trees to predict churn},
  author={Lemmens, Aur{\'e}lie and Croux, Christophe},
  journal={Journal of Marketing Research},
  volume={43},
  number={2},
  pages={276--286},
  year={2006},
  publisher={American Marketing Association}
}

@phdthesis{Ruping06,
title={Learning interpretable models},
author={R{\"u}ping, Stefan},
school={Universitat Dortmund am Fachbereich Informatik},
year={2006}
}

@article{BellazziZu08,
title = "Predictive data mining in clinical medicine: Current issues and guidelines ",
journal = "International Journal of Medical Informatics ",
volume = "77",
number = "2",
pages = "81 - 97",
year = "2008",
note = "",
issn = "1386-5056",
doi = "http://dx.doi.org/10.1016/j.ijmedinf.2006.11.006",
url = "http://www.sciencedirect.com/science/article/pii/S1386505606002747",
author = "Riccardo Bellazzi and Blaz Zupan",
keywords = {Data mining, Predictive models, Clinical medicine, Data mining process, Data analysis},
}

@article{Wu08,
  title={Top 10 algorithms in data mining},
  author={Wu, Xindong and Kumar, Vipin and Quinlan, J Ross and Ghosh, Joydeep and Yang, Qiang and Motoda, Hiroshi and McLachlan, Geoffrey J and Ng, Angus and Liu, Bing and Philip, S Yu and others},
  journal={Knowledge and information systems},
  volume={14},
  number={1},
  pages={1--37},
  year={2008},
  publisher={Springer}
}

@article{BrennanDiEh09,
  title={Evaluating the predictive validity of the COMPAS risk and needs assessment system},
  author={Brennan, Tim and Dieterich, William and Ehret, Beate},
  journal={Criminal Justice and Behavior},
  volume={36},
  number={1},
  pages={21--40},
  year={2009},
  publisher={Sage Publications Sage CA: Los Angeles, CA}
}

@article {BellazziFeSa11,
author = {Riccardo Bellazzi and Fulvia Ferrazzi and Lucia Sacchi},
title = {Predictive data mining in clinical medicine: a focus on selected methods and applications},
journal = {Wiley Interdisciplinary Reviews: Data Mining and Knowledge Discovery},
volume = {1},
number = {5},
publisher = {John Wiley and Sons, Inc.},
issn = {1942-4795},
url = {http://dx.doi.org/10.1002/widm.23},
doi = {10.1002/widm.23},
pages = {416--430},
year = {2011},
}

@article{MartensVaVeBa11,
title = "Performance of classification models from a user perspective ",
journal = "Decision Support Systems ",
volume = "51",
number = "4",
pages = "782 - 793",
year = "2011",
note = "Recent Advances in Data, Text, and Media Mining and Information Issues in Supply Chain and in Service System Design ",
issn = "0167-9236",
doi = "http://dx.doi.org/10.1016/j.dss.2011.01.013",
url = "//www.sciencedirect.com/science/article/pii/S016792361100042X",
author = "David Martens and Jan Vanthienen and Wouter Verbeke and Bart Baesens",
keywords = {Data mining, Classification, Metrics, Justifiability, Comprehensibility}
}

@article{Freitas14,
 author = {Freitas, Alex A.},
 title = {Comprehensible Classification Models: A Position Paper},
 journal = {SIGKDD Explor. Newsl.},
 issue_date = {June 2013},
 volume = {15},
 number = {1},
 month = mar,
 year = {2014},
 issn = {1931-0145},
 pages = {1--10},
 numpages = {10},
 url = {http://doi.acm.org/10.1145/2594473.2594475},
 doi = {10.1145/2594473.2594475},
 acmid = {2594475},
 publisher = {ACM},
 address = {New York, NY, USA},
 keywords = {Bayesian network classifiers, decision table, decision tree, monotonicity constraint, nearest neighbors, rule induction},
} 

@article{LethamRuMcMa15,
author    = "Benjamin Letham and Cynthia Rudin and Tyler H. McCormick and David Madigan",
title     = {Interpretable classifiers using rules and {B}ayesian analysis: {B}uilding a better stroke prediction model},
journal= {Annals of Applied Statistics},
year      = "2015",
volume = "9",
number="3",
pages={1350--1371}
}

@article{ZhangLaTsDa2015,
  title={Using decision lists to construct interpretable and parsimonious treatment regimes},
  author={Zhang, Yichi and Laber, Eric B and Tsiatis, Anastasios and Davidian, Marie},
  journal={Biometrics},
  volume={71},
  number={4},
  pages={895--904},
  year={2015},
  publisher={Wiley Online Library}
}

@article{BertsimasKiMa16,
title={Best Subset Selection Via a Modern Optimization Lens},
author="Dimitris Bertsimas, Angela King and Rahul Mazumder",
journal={The Annals of Statistics},
year={2016}
}

@article{GoelRaSh16,
title={Precinct or Prejudice? Understanding Racila Disparities in New York City’s Stop-and-Frisk Policy},
author="Sharad Goel, Justin M. Rao and Ravi Shroff",
journal={The Annals of Applied Statistics},
year={2016}
}

@article{LarsonMaKiAn16,
title={How We Analyzed the COMPAS Recidivism Algorithm},
author="Jeff Larson and Surya Mattu and Lauren Kirchner and Julia Angwin",
journal={ProPublica},
year={2016},
url={https://www.propublica.org/article/how-we-analyzed-the-compas-recidivism-algorithm},
note={Accessed 20 December 2016}
}

@article{YangRuSe16,
title={Scalable {B}ayesian Rule Lists},
author="Hongyu Yang and Cynthia Rudin and Margo Seltzer",
journal={Preprint at arXiv:1602.08610},
year={2016}
}

@article{AngelinoLaAlSeRu17,
title={Learning Certifiably Optimal Rule Lists},
author="Elaine Angelino and Nicholas Larus-Stone and Daniel Alabi and Margo Seltzer and Cynthia Rudin",
journal={KDD},
year={2017},
note={In submission}
}

@misc{Supercomputer,
title={Top500 Supercomputer Sites, Directory page for Top500 lists},
url={http://www.top500.org/statistics/sublist/},
note={Accessed: 3/18/2017}
year={2017}
}

@misc{HashFunctions,
title={Hash Functions},
author="Ozan Yigit",
url={http://www.cse.yorku.ca/~oz/hash.html},
note={Accesssed: 2/5/2017}
year={2017}
}